{"gold_per_floor":[111,129,129,143,162,162,190,205,205,217,142,155,155,187,187,282,282,295,295,37,48,48,48,124,124,124,154,154,186,186,196,196,297,297,314,314,20,34,49,49,61,61,61,0,19,19,35,35,35,35],"floor_reached":51,"playtime":6134,"items_purged":["Defend_B"],"score":699,"play_id":"2ee2ab2a-4149-441a-a2db-fe82cd87d3e8","local_time":"20190411154308","is_ascension_mode":false,"campfire_choices":[{"data":"Dualcast","floor":6.0,"key":"SMITH"},{"data":"Zap","floor":15.0,"key":"SMITH"},{"data":"All For One","floor":23.0,"key":"SMITH"},{"data":"Biased Cognition","floor":30.0,"key":"SMITH"},{"data":"Go for the Eyes","floor":32.0,"key":"SMITH"},{"data":"Amplify","floor":40,"key":"SMITH"},{"data":"Storm","floor":42,"key":"SMITH"},{"data":"Tempest","floor":46,"key":"SMITH"},{"data":"Ball Lightning","floor":49,"key":"SMITH"}],"neow_cost":"NONE","seed_source_timestamp":0,"circlet_count":0,"master_deck":["Defend_B","Zap+1","Dualcast+1","Ball Lightning","Auto Shields","All For One","Go for the Eyes+1","Ball Lightning+1","Ball Lightning","All For One+1","Biased Cognition+1","Cold Snap+1","Seek+1","Rainbow+1","Static Discharge+1","Tempest+1","Bite+1","Bite+1","Bite+1","Bite+1","Bite+1","Beam Cell+1","Lockon+1","Compile Driver+1","Amplify+1","Steam+1","Loop","Enlightenment","Thinking Ahead","Static Discharge+1","Storm+1","Parasite","Thunder Strike+1"],"special_seed":0,"relics":["Cracked Core","Ornamental Fan","Question Card","Meat on the Bone","PreservedInsect","Bottled Tornado","Astrolabe","Ice Cream","Gremlin Horn","Molten Egg 2","Matryoshka","Bottled Lightning","Thread and Needle","Nuclear Battery","Shuriken","Darkstone Periapt","Red Mask"],"potions_floor_usage":[41,48,50,50],"damage_taken":[{"damage":1.0,"enemies":"Cultist","floor":1.0,"turns":3.0},{"damage":0.0,"enemies":"2 Louse","floor":2.0,"turns":2.0},{"damage":0.0,"enemies":"Small Slimes","floor":4.0,"turns":2.0},{"damage":5.0,"enemies":"2 Fungi Beasts","floor":5.0,"turns":3.0},{"damage":20.0,"enemies":"Lagavulin","floor":7.0,"turns":6.0},{"damage":7.0,"enemies":"3 Louse","floor":8.0,"turns":3.0},{"damage":0.0,"enemies":"Looter","floor":10.0,"turns":1.0},{"damage":2.0,"enemies":"Blue Slaver","floor":12.0,"turns":3.0},{"damage":0.0,"enemies":"Gremlin Nob","floor":14.0,"turns":2.0},{"damage":12.0,"enemies":"Slime Boss","floor":16.0,"turns":8.0},{"damage":0.0,"enemies":"Spheric Guardian","floor":18.0,"turns":3.0},{"damage":14.0,"enemies":"2 Thieves","floor":21.0,"turns":2.0},{"damage":5.0,"enemies":"Gremlin Leader","floor":27.0,"turns":3.0},{"damage":27.0,"enemies":"Slavers","floor":29.0,"turns":2.0},{"damage":11.0,"enemies":"Snake Plant","floor":31.0,"turns":1.0},{"damage":20.0,"enemies":"Collector","floor":33.0,"turns":6.0},{"damage":9.0,"enemies":"3 Darklings","floor":35.0,"turns":3.0},{"damage":0,"enemies":"Orb Walker","floor":38,"turns":3},{"damage":0,"enemies":"Transient","floor":39,"turns":5},{"damage":0,"enemies":"Writhing Mass","floor":41,"turns":3},{"damage":0,"enemies":"3 Darklings","floor":45,"turns":1},{"damage":0,"enemies":"Spire Growth","floor":47,"turns":2},{"damage":0,"enemies":"Jaw Worm Horde","floor":48,"turns":1},{"damage":45,"enemies":"Time Eater","floor":50,"turns":4}],"seed_played":"8760159010125516105","potions_obtained":[{"floor":7.0,"key":"EssenceOfSteel"},{"floor":10.0,"key":"SmokeBomb"},{"floor":12.0,"key":"Fire Potion"},{"floor":14.0,"key":"FearPotion"},{"floor":16.0,"key":"Dexterity Potion"},{"floor":29.0,"key":"FearPotion"},{"floor":31.0,"key":"Ancient Potion"},{"floor":38,"key":"EssenceOfSteel"},{"floor":41,"key":"LiquidBronze"}],"is_trial":false,"path_per_floor":["T","M","M","?","?","M","$","T","?","?","?","?"],"character_chosen":"DEFECT","items_purchased":["Gremlin Horn","Loop","Enlightenment","Thinking Ahead"],"campfire_rested":0,"item_purchase_floors":[20,37,37,37],"current_hp_per_floor":[81,81,81,81,76,76,56,49,49,49,49,47,22,34,34,34,82,82,82,82,68,68,68,68,57,57,57,57,36,36,37,37,35,57,48,48,48,57,57,57,57,57,57,57,57,57,57,57,57,33],"gold":35,"neow_bonus":"TEN_PERCENT_HP_BONUS","is_prod":false,"is_daily":false,"chose_seed":false,"campfire_upgraded":9,"win_rate":0.0,"timestamp":1554968588,"path_taken":["M","M","?","M","?","R","E","M","T","M","$","?","?","E","R","BOSS","M","?","$","?","?","R","?","?","T","E","?","E","R","M","R","BOSS","M","?","$","M","M","R","M","R","T","?","M","R","M","M","R","BOSS"],"build_version":"2019-01-23","purchased_purges":1,"victory":true,"max_hp_per_floor":[82,82,82,82,82,82,82,82,82,82,82,82,82,82,82,82,82,82,82,82,82,82,82,82,57,57,57,57,57,57,57,57,57,57,57,57,57,57,57,57,57,57,57,57,57,57,57,57,57,57],"card_choices":[{"not_picked":["Streamline","Gash"],"picked":"Ball Lightning","floor":1.0},{"not_picked":["Gash","Compile Driver"],"picked":"Storm","floor":2.0},{"not_picked":["Conserve Battery","Leap"],"picked":"Auto Shields","floor":4.0},{"not_picked":["Coolheaded","FTL"],"picked":"All For One","floor":5.0},{"not_picked":["Sweeping Beam","Hologram"],"picked":"Go for the Eyes","floor":7.0},{"not_picked":["White Noise","Coolheaded","Cold Snap"],"picked":"Ball Lightning","floor":8.0},{"not_picked":["Consume","Conserve Battery","Barrage"],"picked":"Ball Lightning","floor":10.0},{"not_picked":["Melter","Chaos","Coolheaded"],"picked":"Gash","floor":12.0},{"not_picked":["Thunder Strike","Loop","Steam"],"picked":"All For One","floor":14.0},{"not_picked":["Fission","Reboot","Multi-Cast"],"picked":"Biased Cognition","floor":16.0},{"not_picked":["Hologram+1","Compile Driver","Coolheaded"],"picked":"Static Discharge+1","floor":18.0},{"not_picked":["Redo","Stack","Force Field"],"picked":"Tempest","floor":21.0},{"not_picked":["Sweeping Beam+1","Machine Learning","Redo+1"],"picked":"Beam Cell+1","floor":27.0},{"not_picked":["Steam Power","Sweeping Beam+1","Chill+1"],"picked":"Compile Driver+1","floor":29.0},{"not_picked":["Self Repair","Genetic Algorithm+1","Redo+1","Coolheaded"],"picked":"SKIP","floor":31.0},{"not_picked":["Multi-Cast","Buffer","Biased Cognition"],"picked":"Amplify","floor":33.0},{"not_picked":["Compile Driver+1","Coolheaded+1","Beam Cell+1"],"picked":"Steam+1","floor":35.0},{"not_picked":["Scrape+1","Cold Snap+1","Gash+1"],"picked":"Static Discharge+1","floor":38},{"not_picked":["Hello World+1","Redo+1","Steam+1"],"picked":"Storm","floor":39},{"not_picked":["Redo","Fusion","Gash+1"],"picked":"Thunder Strike+1","floor":41},{"not_picked":["Loop","Steam+1","Leap","Melter+1"],"picked":"SKIP","floor":45},{"not_picked":["Coolheaded+1","Hello World+1","Streamline+1","Sweeping Beam+1"],"picked":"SKIP","floor":47}],"player_experience":66712,"relics_obtained":[{"floor":3.0,"key":"Ornamental Fan"},{"floor":7.0,"key":"Question Card"},{"floor":9.0,"key":"Meat on the Bone"},{"floor":14.0,"key":"Bottled Tornado"},{"floor":24.0,"key":"Molten Egg 2"},{"floor":26.0,"key":"Matryoshka"},{"floor":27.0,"key":"Bottled Lightning"},{"floor":29.0,"key":"Thread and Needle"},{"floor":43,"key":"Shuriken"},{"floor":43,"key":"Darkstone Periapt"}],"event_choices":[{"damage_healed":0.0,"max_hp_gain":0.0,"max_hp_loss":0.0,"gold_gain":0.0,"event_name":"Scrap Ooze","player_choice":"Success","floor":13.0,"gold_loss":0.0,"damage_taken":25.0,"relics_obtained":["PreservedInsect"]},{"damage_healed":0.0,"max_hp_gain":0.0,"max_hp_loss":0.0,"gold_gain":0.0,"event_name":"WeMeetAgain","player_choice":"Gave Potion","floor":19.0,"gold_loss":0.0,"damage_taken":0.0,"relics_obtained":["Ice Cream"]},{"damage_healed":0.0,"max_hp_gain":0.0,"max_hp_loss":25.0,"gold_gain":0.0,"event_name":"Vampires","player_choice":"Became a vampire","floor":25.0,"gold_loss":0.0,"damage_taken":0.0,"cards_obtained":["Bite","Bite","Bite","Bite","Bite"]},{"damage_healed":0.0,"max_hp_gain":0.0,"max_hp_loss":0.0,"gold_gain":0.0,"event_name":"The Library","player_choice":"Read","floor":28.0,"gold_loss":0.0,"damage_taken":0.0,"cards_obtained":["Lockon"]},{"cards_removed":["Gash"],"damage_healed":0.0,"max_hp_gain":0.0,"max_hp_loss":0.0,"gold_gain":0.0,"event_name":"Falling","player_choice":"Removed Attack","floor":36.0,"gold_loss":0.0,"damage_taken":0.0},{"damage_healed":0,"gold_gain":0,"player_choice":"Paid","damage_taken":0,"relics_obtained":["Red Mask"],"max_hp_gain":0,"max_hp_loss":0,"event_name":"Tomb of Lord Red Mask","floor":44,"gold_loss":61}],"is_beta":false,"boss_relics":[{"not_picked":["Orrery","Snecko Eye"],"picked":"Astrolabe"},{"not_picked":["Empty Cage","Tiny House"],"picked":"Nuclear Battery"}],"items_purged_floors":[11],"is_endless":false,"potions_floor_spawned":[7,10,12,14,16,29,31,38,41,45],"ascension_level":0}