{"gold_per_floor":[113,124,124,143,4,4,33,33,33,47,47,2,2,45,45,173,173,192,192,208,233,272,316,316,340,340,373,407,440,483,521,521,652,652,670,694,271,285,305,305,323,323,323,366,366,399,15,28,28,28],"floor_reached":51,"playtime":16140,"items_purged":[],"score":1233,"play_id":"ca4f4728-7b71-41f0-a888-5545f3abe7e9","local_time":"20200131232404","daily_mods":["Chimera","ControlledChaos","Heirloom","DeadlyEvents","Elite Swarm"],"is_ascension_mode":true,"campfire_choices":[{"data":"Coolheaded","floor":6.0,"key":"SMITH"},{"data":"Defend_R","floor":11.0,"key":"SMITH"},{"floor":13.0,"key":"REST"},{"data":"Hologram","floor":15.0,"key":"SMITH"},{"data":"Fission","floor":24.0,"key":"SMITH"},{"data":"Stack","floor":32.0,"key":"SMITH"},{"data":"Leap","floor":40.0,"key":"SMITH"},{"data":"FTL","floor":49,"key":"SMITH"}],"neow_cost":"","seed_source_timestamp":0,"circlet_count":0,"master_deck":["Survivor+1","Zap+1","Strike_R+1","Strike_G+1","Defend_R+1","Defend_G+1","Coolheaded+1","Hologram+1","Aggregate+1","Steam+1","Self Repair+1","Coolheaded+1","Seek+1","Stack+1","Steam+1","Fission+1","Biased Cognition+1","Heatsinks+1","Undo+1","Undo+1","Leap+1","Aggregate+1","Tempest+1","Electrodynamics+1","Buffer+1","Stack+1","Echo Form+1","Biased Cognition+1","Machine Learning+1","Electrodynamics+1","Reboot+1","Seek+1","Beam Cell+1","Stack+1","Fission+1","Dark Shackles+1","Forethought+1","Compile Driver+1","Melter+1","Loop+1","Madness+1","Madness+1","Creative AI+1","Seek+1","Capacitor+1","Stack+1","FTL+1","Coolheaded+1","Steam+1","White Noise+1","Tempest+1","Turbo+1","Lockon+1"],"special_seed":0,"relics":["Cracked Core","Frozen Eye","Shovel","Blue Candle","Golden Idol","Frozen Egg 2","Centennial Puzzle","Astrolabe","The Courier","Mummified Hand","Incense Burner","Question Card","DataDisk","Du-Vu Doll","Smiling Mask","Bronze Scales","WingedGreaves","White Beast Statue","DollysMirror","Potion Belt","Pear","Symbiotic Virus","Mark of the Bloom","Toxic Egg 2"],"potions_floor_usage":[50,50,50,50],"damage_taken":[{"damage":4.0,"enemies":"Small Slimes","floor":1.0,"turns":3.0},{"damage":0.0,"enemies":"2 Louse","floor":2.0,"turns":3.0},{"damage":2.0,"enemies":"Cultist","floor":4.0,"turns":3.0},{"damage":4.0,"enemies":"Lagavulin","floor":7.0,"turns":9.0},{"damage":25.0,"enemies":"Gremlin Gang","floor":10.0,"turns":5.0},{"damage":0.0,"enemies":"Gremlin Nob","floor":14.0,"turns":4.0},{"damage":34.0,"enemies":"The Guardian","floor":16.0,"turns":11.0},{"damage":0.0,"enemies":"Shell Parasite","floor":18.0,"turns":6.0},{"damage":0.0,"enemies":"2 Thieves","floor":20.0,"turns":5.0},{"damage":0.0,"enemies":"Sentry and Sphere","floor":21.0,"turns":6.0},{"damage":11.0,"enemies":"Slavers","floor":22.0,"turns":6.0},{"damage":0.0,"enemies":"Gremlin Leader","floor":23.0,"turns":4.0},{"damage":0.0,"enemies":"Centurion and Healer","floor":25.0,"turns":2.0},{"damage":3.0,"enemies":"Slavers","floor":27.0,"turns":2.0},{"damage":0.0,"enemies":"Gremlin Leader","floor":28.0,"turns":2.0},{"damage":0.0,"enemies":"Book of Stabbing","floor":29.0,"turns":3.0},{"damage":0.0,"enemies":"Gremlin Leader","floor":30.0,"turns":4.0},{"damage":11.0,"enemies":"Slavers","floor":31.0,"turns":3.0},{"damage":0.0,"enemies":"Champ","floor":33.0,"turns":4.0},{"damage":0.0,"enemies":"3 Shapes","floor":35.0,"turns":2.0},{"damage":0.0,"enemies":"Orb Walker","floor":36.0,"turns":2.0},{"damage":0.0,"enemies":"Writhing Mass","floor":38.0,"turns":4.0},{"damage":0.0,"enemies":"3 Darklings","floor":39.0,"turns":3.0},{"damage":0.0,"enemies":"Transient","floor":41.0,"turns":5.0},{"damage":0.0,"enemies":"Nemesis","floor":44.0,"turns":7.0},{"damage":0.0,"enemies":"Giant Head","floor":46.0,"turns":2.0},{"damage":0.0,"enemies":"4 Shapes","floor":48.0,"turns":1.0},{"damage":0,"enemies":"Donu and Deca","floor":50,"turns":5}],"seed_played":"-1583606012606906160","potions_obtained":[{"floor":4.0,"key":"Block Potion"},{"floor":7.0,"key":"Fire Potion"},{"floor":16.0,"key":"Regen Potion"},{"floor":18.0,"key":"Explosive Potion"},{"floor":28.0,"key":"Energy Potion"},{"floor":33.0,"key":"SpeedPotion"},{"floor":38.0,"key":"AttackPotion"},{"floor":39.0,"key":"SpeedPotion"},{"floor":41.0,"key":"EssenceOfSteel"},{"floor":44.0,"key":"FocusPotion"},{"floor":48.0,"key":"EssenceOfSteel"}],"is_trial":true,"path_per_floor":["?","?","M","T","E","E","E","E","?","?","E","M"],"character_chosen":"DEFECT","items_purchased":["Steam","Self Repair","Coolheaded","Steam","DollysMirror","Dark Shackles","Potion Belt","Forethought","Capacitor+1","Stack+1","FTL","Coolheaded+1","Steam+1","White Noise+1","Tempest+1","Turbo+1"],"campfire_rested":1,"item_purchase_floors":[5,5,5,12,37,37,37,37,47,47,47,47,47,47,47,47],"current_hp_per_floor":[71,71,56,54,54,54,57,39,39,21,21,21,43,50,50,23,75,75,75,75,75,71,75,75,75,75,75,75,75,75,71,71,71,75,75,75,75,75,75,75,75,66,76,83,83,83,83,83,83,83],"gold":28,"neow_bonus":"","is_prod":false,"is_daily":false,"chose_seed":false,"campfire_upgraded":7,"win_rate":1,"timestamp":1580484244,"path_taken":["M","M","?","M","$","R","E","?","T","?","R","$","R","E","R","BOSS","M","?","M","M","?","E","R","M","T","?","E","?","?","E","R","BOSS","M","M","$","M","M","R","M","?","T","E","?","?","$","?","R","BOSS"],"build_version":"2019-01-23","purchased_purges":0,"victory":true,"max_hp_per_floor":[75,75,75,75,75,75,75,75,75,75,75,75,75,75,75,75,75,75,75,75,75,75,75,75,75,75,75,75,75,75,75,75,75,75,75,75,75,75,75,75,75,75,85,85,85,85,85,85,85,85],"card_choices":[{"not_picked":["Gash","Leap"],"picked":"Coolheaded","floor":1.0},{"not_picked":["Consume","Turbo"],"picked":"Hologram","floor":2.0},{"not_picked":["Sweeping Beam","Doom and Gloom"],"picked":"Aggregate","floor":4.0},{"not_picked":["Amplify","Buffer"],"picked":"Seek","floor":7.0},{"not_picked":["Coolheaded","Compile Driver"],"picked":"Stack","floor":10.0},{"not_picked":["Rainbow","Multi-Cast"],"picked":"Fission","floor":14.0},{"not_picked":["Electrodynamics+1","Thunder Strike"],"picked":"Biased Cognition+1","floor":16.0},{"not_picked":["Self Repair+1","Rebound"],"picked":"Leap","floor":18.0},{"not_picked":["Barrage","Redo"],"picked":"Aggregate+1","floor":20.0},{"not_picked":["Heatsinks+1","Gash"],"picked":"Tempest","floor":21.0},{"not_picked":["Meteor Strike","Creative AI+1"],"picked":"Electrodynamics+1","floor":22.0},{"not_picked":["Seek","Amplify"],"picked":"Buffer+1","floor":23.0},{"not_picked":["Conserve Battery","Sweeping Beam"],"picked":"Stack","floor":25.0},{"not_picked":["Core Surge","Rainbow","Meteor Strike"],"picked":"Echo Form+1","floor":27.0},{"not_picked":["Amplify","Buffer+1","Machine Learning+1"],"picked":"Biased Cognition+1","floor":28.0},{"not_picked":["Biased Cognition+1","Core Surge","Thunder Strike"],"picked":"Machine Learning+1","floor":29.0},{"not_picked":["Hyperbeam","Biased Cognition+1","Rainbow"],"picked":"Electrodynamics+1","floor":30.0},{"not_picked":["Core Surge","Multi-Cast","All For One"],"picked":"Reboot","floor":31.0},{"not_picked":["Hyperbeam","All For One","Meteor Strike"],"picked":"Seek","floor":33.0},{"not_picked":["Force Field","Redo","Streamline"],"picked":"Beam Cell","floor":35.0},{"not_picked":["Recycle+1","Static Discharge+1","Barrage"],"picked":"Stack+1","floor":36.0},{"not_picked":["Ball Lightning+1","Auto Shields","Coolheaded"],"picked":"Compile Driver+1","floor":38.0},{"not_picked":["Fusion+1","Steam Power","Ball Lightning"],"picked":"Melter+1","floor":39.0},{"not_picked":["Hello World+1","Darkness+1","Cold Snap+1"],"picked":"Loop+1","floor":41.0},{"not_picked":["All For One","Core Surge","Echo Form+1"],"picked":"Creative AI+1","floor":44.0},{"not_picked":["Core Surge","Hyperbeam","Reboot"],"picked":"Seek","floor":46.0},{"not_picked":["Static Discharge+1","Gash+1","Storm+1"],"picked":"Lockon+1","floor":48.0}],"player_experience":147894,"relics_obtained":[{"floor":7.0,"key":"Blue Candle"},{"floor":9.0,"key":"Frozen Egg 2"},{"floor":14.0,"key":"Centennial Puzzle"},{"floor":19.0,"key":"The Courier"},{"floor":22.0,"key":"Mummified Hand"},{"floor":23.0,"key":"Incense Burner"},{"floor":26.0,"key":"Question Card"},{"floor":27.0,"key":"DataDisk"},{"floor":28.0,"key":"Du-Vu Doll"},{"floor":29.0,"key":"Smiling Mask"},{"floor":30.0,"key":"Bronze Scales"},{"floor":31.0,"key":"WingedGreaves"},{"floor":43.0,"key":"Pear"},{"floor":44.0,"key":"Symbiotic Virus"},{"floor":46.0,"key":"Toxic Egg 2"}],"event_choices":[{"damage_healed":0.0,"max_hp_gain":0.0,"max_hp_loss":0.0,"gold_gain":0.0,"event_name":"Shining Light","player_choice":"Entered Light","floor":3.0,"gold_loss":0.0,"damage_taken":15.0,"cards_upgraded":["Zap","Coolheaded"]},{"damage_healed":0.0,"max_hp_gain":0.0,"max_hp_loss":0.0,"gold_gain":0.0,"event_name":"Golden Idol","player_choice":"Take Damage","floor":8.0,"gold_loss":0.0,"damage_taken":18.0,"relics_obtained":["Golden Idol"]},{"damage_healed":0.0,"max_hp_gain":0.0,"max_hp_loss":0.0,"gold_gain":0.0,"event_name":"Winding Halls","player_choice":"Embrace Madness","floor":42.0,"gold_loss":0.0,"damage_taken":9.0,"cards_obtained":["Madness","Madness"]},{"damage_healed":0.0,"max_hp_gain":0.0,"max_hp_loss":0.0,"gold_gain":0.0,"event_name":"MindBloom","player_choice":"Upgrade","floor":45.0,"gold_loss":0.0,"damage_taken":0.0,"cards_upgraded":["Survivor","Strike_R","Strike_G","Defend_G","Aggregate","Steam","Self Repair","Seek","Steam","Tempest","Stack","Reboot","Seek","Beam Cell","Dark Shackles","Forethought","Madness","Madness"],"relics_obtained":["Mark of the Bloom"]}],"is_beta":false,"boss_relics":[{"not_picked":["Empty Cage","Runic Pyramid"],"picked":"Astrolabe"},{"not_picked":["Sozu","Snecko Eye"],"picked":"White Beast Statue"}],"items_purged_floors":[],"is_endless":false,"potions_floor_spawned":[4,7,16,18,20,22,23,28,30,33,35,36,38,39,41,44,46,48],"ascension_level":1}