{"gold_per_floor":[111,186,186,186,196,196,210,220,220,236,236,282,73,85,85,190,190,207,207,225,238,255,255,282,282,282,26,43,43,61,75,75,180,180,193,415,515,16,28,28,42,42,111,126,126,17,17,37,37,37],"floor_reached":51,"playtime":8175,"items_purged":[],"score":691,"play_id":"95e1958d-d73c-48f9-81ae-dcfbb50d3a1a","local_time":"20190410222913","is_ascension_mode":false,"campfire_choices":[{"data":"Neutralize","floor":6.0,"key":"SMITH"},{"data":"Noxious Fumes","floor":11.0,"key":"SMITH"},{"data":"PiercingWail","floor":15.0,"key":"SMITH"},{"floor":23.0,"key":"REST"},{"floor":32.0,"key":"REST"},{"data":"Bouncing Flask","floor":40,"key":"SMITH"},{"data":"Crippling Poison","floor":42,"key":"SMITH"},{"data":"PiercingWail","floor":47,"key":"SMITH"},{"floor":49,"key":"REST"}],"neow_cost":"NONE","seed_source_timestamp":0,"circlet_count":0,"master_deck":["Defend_G","Defend_G","Defend_G","Defend_G","Strike_G","Strike_G","Strike_G","Strike_G","Neutralize+1","Noxious Fumes+1","Escape Plan","PiercingWail+1","Crippling Poison+1","Blur","Slice","Jack Of All Trades","Outmaneuver","Sucker Punch","Poisoned Stab","Die Die Die","Poisoned Stab+1","Prepared","Quick Slash+1","Slice","Infinite Blades+1","Enlightenment","Poisoned Stab","Noxious Fumes","Bouncing Flask+1","Terror+1","Finisher","PiercingWail+1","Backflip","Deflect+1","Adrenaline","Dash","Backflip","Jack Of All Trades+1","Slice","Bouncing Flask+1","Prepared+1","Backflip+1","Deflect+1","Finisher+1","Crippling Poison+1","Noxious Fumes+1","Riddle With Holes"],"special_seed":0,"relics":["Ring of the Snake","Pear","Anchor","Philosopher\u0027s Stone","Red Mask","Tingsha","White Beast Statue","StoneCalendar","Toxic Egg 2","Frozen Egg 2"],"potions_floor_usage":[37,37,39,44,44,48,48,48,50,50],"damage_taken":[{"damage":0.0,"enemies":"Jaw Worm","floor":1.0,"turns":6.0},{"damage":0.0,"enemies":"Small Slimes","floor":5.0,"turns":4.0},{"damage":0.0,"enemies":"2 Louse","floor":7.0,"turns":3.0},{"damage":0.0,"enemies":"Looter","floor":8.0,"turns":4.0},{"damage":0.0,"enemies":"Blue Slaver","floor":10.0,"turns":5.0},{"damage":0.0,"enemies":"Lots of Slimes","floor":14.0,"turns":3.0},{"damage":11.0,"enemies":"Hexaghost","floor":16.0,"turns":8.0},{"damage":13.0,"enemies":"Spheric Guardian","floor":18.0,"turns":6.0},{"damage":8.0,"enemies":"Chosen","floor":20.0,"turns":5.0},{"damage":23.0,"enemies":"3 Cultists","floor":21.0,"turns":6.0},{"damage":2.0,"enemies":"Chosen and Byrds","floor":22.0,"turns":7.0},{"damage":4.0,"enemies":"Masked Bandits","floor":24.0,"turns":4.0},{"damage":6.0,"enemies":"Centurion and Healer","floor":28.0,"turns":5.0},{"damage":16.0,"enemies":"Centurion and Healer","floor":30.0,"turns":7.0},{"damage":10.0,"enemies":"3 Cultists","floor":31.0,"turns":4.0},{"damage":54.0,"enemies":"Automaton","floor":33.0,"turns":9.0},{"damage":4,"enemies":"3 Shapes","floor":35,"turns":4},{"damage":0,"enemies":"Mind Bloom Boss Battle","floor":37,"turns":7},{"damage":0,"enemies":"Orb Walker","floor":39,"turns":3},{"damage":0,"enemies":"4 Shapes","floor":41,"turns":5},{"damage":26,"enemies":"Spire Growth","floor":44,"turns":4},{"damage":0,"enemies":"Transient","floor":48,"turns":5},{"damage":44,"enemies":"Donu and Deca","floor":50,"turns":8}],"seed_played":"-6331323539944205000","potions_obtained":[{"floor":7.0,"key":"LiquidBronze"},{"floor":8.0,"key":"Poison Potion"},{"floor":16.0,"key":"Dexterity Potion"},{"floor":20.0,"key":"SteroidPotion"},{"floor":22.0,"key":"Strength Potion"},{"floor":25.0,"key":"Dexterity Potion"},{"floor":28.0,"key":"FearPotion"},{"floor":30.0,"key":"AttackPotion"},{"floor":33.0,"key":"Energy Potion"},{"floor":35,"key":"GamblersBrew"},{"floor":37,"key":"AttackPotion"},{"floor":39,"key":"Block Potion"},{"floor":41,"key":"PowerPotion"},{"floor":44,"key":"EntropicBrew"},{"floor":48,"key":"Swift Potion"}],"is_trial":false,"path_per_floor":["?","?","?","T","?","M","?","?","?","?","?","?","$"],"character_chosen":"THE_SILENT","items_purchased":["Slice","Jack Of All Trades","Outmaneuver","Sucker Punch","Enlightenment","Poisoned Stab","Noxious Fumes","Bouncing Flask","Toxic Egg 2","Jack Of All Trades+1","Slice","Bouncing Flask+1","Prepared+1","Crippling Poison+1","Noxious Fumes+1"],"campfire_rested":3,"item_purchase_floors":[13,13,13,13,27,27,27,27,38,38,38,38,38,46,46],"current_hp_per_floor":[77,66,66,71,71,71,71,71,81,81,81,81,81,81,81,70,92,79,79,71,48,46,73,69,69,69,69,63,63,47,37,67,13,100,96,96,96,96,96,96,96,96,96,70,70,70,70,70,100,56],"gold":37,"neow_bonus":"TEN_PERCENT_HP_BONUS","is_prod":false,"is_daily":false,"chose_seed":false,"campfire_upgraded":6,"win_rate":0.0,"timestamp":1554906553,"path_taken":["M","?","?","?","M","R","M","M","T","M","R","?","$","M","R","BOSS","M","?","M","?","M","R","?","?","T","$","M","?","M","M","R","BOSS","M","?","?","$","M","R","M","R","T","M","?","?","R","M","R","BOSS"],"build_version":"2019-01-23","purchased_purges":0,"victory":true,"max_hp_per_floor":[77,77,77,82,82,82,82,82,92,92,92,92,92,92,92,92,92,92,92,92,92,92,92,92,92,92,92,100,100,100,100,100,100,100,100,100,100,100,100,100,100,100,100,100,100,100,100,100,100,100],"card_choices":[{"not_picked":["Dagger Spray","Underhanded Strike"],"picked":"Noxious Fumes","floor":1.0},{"not_picked":["Backflip","Dagger Spray"],"picked":"Escape Plan","floor":5.0},{"not_picked":["Endless Agony","Noxious Fumes"],"picked":"PiercingWail","floor":7.0},{"not_picked":["Dagger Throw","Leg Sweep"],"picked":"Crippling Poison","floor":8.0},{"not_picked":["Crippling Poison","Prepared"],"picked":"Blur","floor":10.0},{"not_picked":["Heel Hook","Flying Knee"],"picked":"Poisoned Stab","floor":14.0},{"not_picked":["Tools of the Trade","A Thousand Cuts"],"picked":"Die Die Die","floor":16.0},{"not_picked":["Sucker Punch","Deflect"],"picked":"Poisoned Stab+1","floor":18.0},{"not_picked":["Outmaneuver","Acrobatics"],"picked":"Prepared","floor":20.0},{"not_picked":["Deadly Poison","Underhanded Strike"],"picked":"Quick Slash+1","floor":21.0},{"not_picked":["Dagger Throw","Outmaneuver"],"picked":"Slice","floor":22.0},{"not_picked":["Sucker Punch","Slice"],"picked":"Infinite Blades+1","floor":24.0},{"not_picked":["Leg Sweep+1","Slice"],"picked":"Terror+1","floor":28.0},{"not_picked":["Blade Dance+1","Masterful Stab"],"picked":"Backflip","floor":30.0},{"not_picked":["Choke+1","Dodge and Roll+1"],"picked":"Deflect+1","floor":31.0},{"not_picked":["Burst","Phantasmal Killer"],"picked":"Adrenaline","floor":33.0},{"not_picked":["Flying Knee","Quick Slash"],"picked":"Dash","floor":35},{"not_picked":["Dagger Spray+1","Flying Knee"],"picked":"Backflip","floor":37},{"not_picked":["Choke+1","PiercingWail+1"],"picked":"Backflip+1","floor":39},{"not_picked":["Prepared+1","Blade Dance+1"],"picked":"Deflect+1","floor":41},{"not_picked":["Blade Dance+1","Outmaneuver+1"],"picked":"Finisher+1","floor":44},{"not_picked":["Flying Knee","Backflip+1"],"picked":"Riddle With Holes","floor":48}],"player_experience":58537,"relics_obtained":[{"floor":9.0,"key":"Pear"},{"floor":12.0,"key":"Anchor"},{"floor":24.0,"key":"Red Mask"},{"floor":26.0,"key":"Tingsha"},{"floor":37,"key":"StoneCalendar"},{"floor":43,"key":"Frozen Egg 2"}],"event_choices":[{"damage_healed":0.0,"max_hp_gain":0.0,"max_hp_loss":0.0,"gold_gain":75.0,"event_name":"World of Goop","player_choice":"Gather Gold","floor":2.0,"gold_loss":0.0,"damage_taken":11.0},{"damage_healed":0.0,"max_hp_gain":0.0,"max_hp_loss":0.0,"gold_gain":0.0,"event_name":"Liars Game","player_choice":"Ignored","floor":3.0,"gold_loss":0.0,"damage_taken":0.0},{"damage_healed":0.0,"max_hp_gain":5.0,"max_hp_loss":0.0,"gold_gain":0.0,"event_name":"Big Fish","player_choice":"Donut","floor":4.0,"gold_loss":0.0,"damage_taken":0.0},{"damage_healed":0.0,"max_hp_gain":0.0,"max_hp_loss":0.0,"gold_gain":0.0,"cards_transformed":["Survivor"],"event_name":"Transmorgrifier","player_choice":"Transformed","floor":19.0,"gold_loss":0.0,"damage_taken":0.0,"cards_obtained":["Sucker Punch"]},{"damage_healed":0.0,"max_hp_gain":0.0,"max_hp_loss":0.0,"gold_gain":0.0,"event_name":"Masked Bandits","player_choice":"Fought Bandits","floor":24.0,"gold_loss":0.0,"damage_taken":0.0},{"damage_healed":0.0,"max_hp_gain":0.0,"max_hp_loss":0.0,"gold_gain":0.0,"event_name":"Lab","player_choice":"Got Potions","floor":25.0,"gold_loss":0.0,"damage_taken":0.0},{"damage_healed":0.0,"max_hp_gain":0.0,"max_hp_loss":0.0,"gold_gain":0.0,"cards_transformed":["Strike_G","Defend_G"],"event_name":"Drug Dealer","player_choice":"Became Test Subject","floor":29.0,"gold_loss":0.0,"damage_taken":0.0,"cards_obtained":["Finisher","PiercingWail"]},{"damage_healed":0,"gold_gain":222,"player_choice":"Wore Mask","damage_taken":0,"max_hp_gain":0,"max_hp_loss":0,"event_name":"Tomb of Lord Red Mask","floor":36,"gold_loss":0},{"damage_healed":0,"gold_gain":0,"player_choice":"Fight","damage_taken":0,"max_hp_gain":0,"max_hp_loss":0,"event_name":"MindBloom","floor":37,"gold_loss":0},{"cards_removed":["Sucker Punch"],"damage_healed":0,"gold_gain":0,"player_choice":"Removed Attack","damage_taken":0,"max_hp_gain":0,"max_hp_loss":0,"event_name":"Falling","floor":45,"gold_loss":0}],"is_beta":false,"boss_relics":[{"not_picked":["Busted Crown","Runic Dome"],"picked":"Philosopher\u0027s Stone"},{"not_picked":["Fusion Hammer","Cursed Key"],"picked":"White Beast Statue"}],"items_purged_floors":[],"is_endless":false,"potions_floor_spawned":[7,8,16,20,22,28,30,33,35,37,39,41,44,48],"ascension_level":0}