{"gold_per_floor":[112,112,31,44,144,144,162,16,16,16,16,32,32,66,66,186,186,201,201,219,244,169,169,2,2,2,2,26,51,82,8,8,137,137,161,25,44,63,87,118,118,133,133,158,158,176,197,215,215,215],"floor_reached":51,"playtime":15738,"items_purged":[],"score":776,"play_id":"ee99b87e-1335-48a9-88fe-0da48a5de54b","local_time":"20200127132548","daily_mods":["SealedDeck","ControlledChaos","Colorless Cards"],"is_ascension_mode":false,"campfire_choices":[{"floor":6.0,"key":"REST"},{"data":"PiercingWail","floor":10.0,"key":"SMITH"},{"floor":15.0,"key":"REST"},{"floor":23.0,"key":"REST"},{"floor":27.0,"key":"REST"},{"floor":32.0,"key":"REST"},{"floor":41.0,"key":"REST"},{"floor":45.0,"key":"REST"},{"floor":49.0,"key":"REST"}],"neow_cost":"","seed_source_timestamp":0,"circlet_count":0,"master_deck":["Quick Slash","Acrobatics","Prepared","Swift Strike","Poisoned Stab","PiercingWail+1","Poisoned Stab","Deflect","Leg Sweep","Deadly Poison","Backflip","Noxious Fumes","Deflect","Underhanded Strike","PiercingWail","Cloak And Dagger","Endless Agony","Dodge and Roll","Sucker Punch","Chrysalis","Sucker Punch","Deflect","Enlightenment+1","Good Instincts","Catalyst","Jack Of All Trades","Bane+1","Neutralize+1","Bane+1","Blade Dance+1","Escape Plan","After Image","Prepared","Cloak And Dagger","Corpse Explosion","Poisoned Stab+1","Dagger Throw+1","Deflect","Setup+1","Sucker Punch","Deflect+1","PiercingWail","Flash of Steel","Acrobatics+1","Heel Hook+1","PiercingWail+1","Blur+1","Blind","Crippling Poison+1","Dodge and Roll+1","Jack Of All Trades","Backstab+1","Mind Blast+1","Slice+1"],"special_seed":0,"relics":["Ring of the Snake","Frozen Eye","Oddly Smooth Stone","Bottled Lightning","Golden Idol","Unceasing Top","Lizard Tail","Enchiridion","Dream Catcher","Whetstone","Orrery","Shuriken","Singing Bowl"],"potions_floor_usage":[],"damage_taken":[{"damage":8.0,"enemies":"Jaw Worm","floor":1.0,"turns":4.0},{"damage":0.0,"enemies":"Cultist","floor":4.0,"turns":3.0},{"damage":0.0,"enemies":"Small Slimes","floor":7.0,"turns":3.0},{"damage":2.0,"enemies":"Exordium Wildlife","floor":12.0,"turns":4.0},{"damage":31.0,"enemies":"Gremlin Nob","floor":14.0,"turns":6.0},{"damage":6.0,"enemies":"Hexaghost","floor":16.0,"turns":8.0},{"damage":21.0,"enemies":"Shell Parasite","floor":18.0,"turns":6.0},{"damage":8.0,"enemies":"Spheric Guardian","floor":20.0,"turns":6.0},{"damage":9.0,"enemies":"Shelled Parasite and Fungi","floor":21.0,"turns":6.0},{"damage":0.0,"enemies":"Centurion and Healer","floor":28.0,"turns":7.0},{"damage":0.0,"enemies":"Snake Plant","floor":29.0,"turns":5.0},{"damage":4.0,"enemies":"Slavers","floor":30.0,"turns":8.0},{"damage":4.0,"enemies":"Champ","floor":33.0,"turns":11.0},{"damage":5.0,"enemies":"Orb Walker","floor":35.0,"turns":4.0},{"damage":10.0,"enemies":"3 Darklings","floor":37.0,"turns":7.0},{"damage":0.0,"enemies":"Sphere and 2 Shapes","floor":38.0,"turns":3.0},{"damage":10.0,"enemies":"Maw","floor":39.0,"turns":7.0},{"damage":45.0,"enemies":"Nemesis","floor":40.0,"turns":9.0},{"damage":10.0,"enemies":"4 Shapes","floor":42.0,"turns":7.0},{"damage":2.0,"enemies":"Transient","floor":44.0,"turns":5.0},{"damage":12.0,"enemies":"Writhing Mass","floor":46.0,"turns":7.0},{"damage":20.0,"enemies":"Jaw Worm Horde","floor":47.0,"turns":8.0},{"damage":0.0,"enemies":"Spire Growth","floor":48.0,"turns":4.0},{"damage":35,"enemies":"Awakened One","floor":50,"turns":13}],"seed_played":"-8720871737936342260","potions_obtained":[{"floor":16.0,"key":"Block Potion"},{"floor":20.0,"key":"Block Potion"},{"floor":21.0,"key":"Block Potion"},{"floor":30.0,"key":"Ancient Potion"},{"floor":33.0,"key":"SteroidPotion"},{"floor":35.0,"key":"Regen Potion"},{"floor":39.0,"key":"SmokeBomb"},{"floor":40.0,"key":"Fruit Juice"},{"floor":42.0,"key":"SteroidPotion"}],"is_trial":true,"path_per_floor":["?","?","M","$","?","?","?","$","?","M"],"character_chosen":"THE_SILENT","items_purchased":["Noxious Fumes","PiercingWail","Cloak And Dagger","Endless Agony","Good Instincts","Catalyst","Prepared","Dexterity Potion","PiercingWail","Flash of Steel"],"campfire_rested":8,"item_purchase_floors":[3,8,8,8,24,24,31,31,36,36],"current_hp_per_floor":[62,44,44,44,44,65,65,65,65,65,65,63,63,32,53,47,70,49,33,25,16,16,37,37,37,37,58,58,58,54,54,70,66,70,65,65,64,64,54,9,30,25,25,23,45,33,13,15,38,3],"gold":215,"neow_bonus":"","is_prod":false,"is_daily":false,"chose_seed":false,"campfire_upgraded":1,"win_rate":0,"timestamp":1580102748,"path_taken":["M","?","$","M","?","R","?","$","T","R","?","M","?","E","R","BOSS","M","?","M","M","?","R","?","?","T","R","M","?","E","$","R","BOSS","M","$","M","M","M","E","R","M","T","M","R","M","M","M","R","BOSS"],"build_version":"2019-01-23","purchased_purges":0,"victory":true,"max_hp_per_floor":[70,70,70,70,70,70,70,70,70,70,70,70,70,70,70,70,70,70,70,70,70,70,70,70,70,70,70,70,70,70,70,70,70,70,70,70,70,70,70,70,70,75,75,75,75,75,75,77,77,77],"card_choices":[{"not_picked":["Dodge and Roll","Underhanded Strike"],"picked":"Backflip","floor":1.0},{"not_picked":["Dagger Spray","Acrobatics"],"picked":"Deflect","floor":4.0},{"not_picked":["Flying Knee","Heel Hook"],"picked":"Underhanded Strike","floor":7.0},{"not_picked":["Bane","Predator"],"picked":"Dodge and Roll","floor":12.0},{"not_picked":["Choke","Prepared"],"picked":"Sucker Punch","floor":14.0},{"not_picked":["Unload","Die Die Die"],"picked":"Chrysalis","floor":16.0},{"not_picked":["Underhanded Strike","Noxious Fumes"],"picked":"Sucker Punch","floor":18.0},{"not_picked":["Heel Hook","Dagger Throw+1"],"picked":"Deflect","floor":20.0},{"not_picked":["Predator","Prepared+1"],"picked":"Enlightenment+1","floor":21.0},{"not_picked":["Dagger Spray","Tactician"],"picked":"Bane+1","floor":27.0},{"not_picked":["Sucker Punch","Purity"],"picked":"Blade Dance+1","floor":28.0},{"not_picked":["Caltrops","Dagger Throw"],"picked":"Escape Plan","floor":29.0},{"not_picked":["Outmaneuver","Underhanded Strike+1"],"picked":"After Image","floor":30.0},{"not_picked":["Trip","Acrobatics"],"picked":"Cloak And Dagger","floor":32.0},{"not_picked":["Grand Finale","Phantasmal Killer"],"picked":"Corpse Explosion","floor":33.0},{"not_picked":["Underhanded Strike","Dagger Throw"],"picked":"Poisoned Stab+1","floor":34.0},{"not_picked":["Prepared","Flying Knee"],"picked":"Dagger Throw+1","floor":34.0},{"not_picked":["Underhanded Strike","Acrobatics"],"picked":"Deflect","floor":34.0},{"not_picked":["Flying Knee","Panacea"],"picked":"Setup+1","floor":34.0},{"not_picked":["Setup","Skewer"],"picked":"Sucker Punch","floor":34.0},{"not_picked":["Dagger Throw+1","Backflip"],"picked":"Deflect+1","floor":35.0},{"not_picked":["Madness","Secret Weapon"],"picked":"Acrobatics+1","floor":37.0},{"not_picked":["Skewer+1","Setup"],"picked":"Heel Hook+1","floor":38.0},{"not_picked":["Crippling Poison","Distraction+1"],"picked":"PiercingWail+1","floor":39.0},{"not_picked":["Trip+1","Escape Plan"],"picked":"Blur+1","floor":40.0},{"not_picked":["Underhanded Strike+1","Trip+1"],"picked":"Blind","floor":41.0},{"not_picked":["Prepared","PiercingWail"],"picked":"Crippling Poison+1","floor":42.0},{"not_picked":["Riddle With Holes","Slice+1"],"picked":"Dodge and Roll+1","floor":44.0},{"not_picked":["Underhanded Strike","Discovery"],"picked":"Jack Of All Trades","floor":45.0},{"not_picked":["Dash","Deadly Poison"],"picked":"Backstab+1","floor":46.0},{"not_picked":["Caltrops+1","PiercingWail"],"picked":"Mind Blast+1","floor":47.0},{"not_picked":["Acrobatics","Phantasmal Killer","Dodge and Roll+1"],"picked":"Singing Bowl","floor":48.0},{"not_picked":["Sucker Punch","Bane+1"],"picked":"Slice+1","floor":49.0}],"player_experience":109949,"relics_obtained":[{"floor":9.0,"key":"Bottled Lightning"},{"floor":14.0,"key":"Unceasing Top"},{"floor":19.0,"key":"Enchiridion"},{"floor":26.0,"key":"Dream Catcher"},{"floor":30.0,"key":"Whetstone"},{"floor":40.0,"key":"Shuriken"},{"floor":43.0,"key":"Singing Bowl"}],"event_choices":[{"damage_healed":0.0,"max_hp_gain":0.0,"max_hp_loss":0.0,"gold_gain":0.0,"event_name":"Scrap Ooze","player_choice":"Success","floor":2.0,"gold_loss":0.0,"damage_taken":18.0,"relics_obtained":["Oddly Smooth Stone"]},{"damage_healed":0.0,"max_hp_gain":0.0,"max_hp_loss":0.0,"gold_gain":100.0,"event_name":"Golden Shrine","player_choice":"Pray","floor":5.0,"gold_loss":0.0,"damage_taken":0.0},{"damage_healed":0.0,"max_hp_gain":0.0,"max_hp_loss":0.0,"gold_gain":0.0,"event_name":"Golden Idol","player_choice":"Take Wound","floor":13.0,"gold_loss":0.0,"damage_taken":0.0,"relics_obtained":["Golden Idol"],"cards_obtained":["Injury"]},{"damage_healed":0.0,"max_hp_gain":0.0,"max_hp_loss":0.0,"gold_gain":0.0,"event_name":"Cursed Tome","player_choice":"Obtained Book","floor":19.0,"gold_loss":0.0,"damage_taken":16.0},{"cards_removed":["Injury"],"damage_healed":0.0,"max_hp_gain":0.0,"max_hp_loss":0.0,"gold_gain":0.0,"event_name":"Beggar","player_choice":"Gave Gold","floor":22.0,"gold_loss":75.0,"damage_taken":0.0},{"damage_healed":0.0,"max_hp_gain":0.0,"max_hp_loss":0.0,"gold_gain":0.0,"event_name":"Match and Keep!","player_choice":"3 cards matched","floor":25.0,"gold_loss":0.0,"damage_taken":0.0,"cards_obtained":["Jack Of All Trades","Bane","Neutralize"]}],"is_beta":false,"boss_relics":[{"not_picked":["Runic Dome","Ectoplasm"],"picked":"Lizard Tail"},{"not_picked":["Sozu","Fusion Hammer"],"picked":"Orrery"}],"items_purged_floors":[],"is_endless":false,"potions_floor_spawned":[16,20,21,30,33,35,39,40,42],"ascension_level":0}