{"gold_per_floor":[118,135,155,169,169,169,186,201,201,211,237,237,237,257,257,353,353,365,446,361,375,389,389,403,403,403,417,417,417,429,429,429,534,534,551,551,561,0,14,14,25,25,25,38,38,12,12,22,22,22],"floor_reached":51,"playtime":58537,"items_purged":[],"score":630,"play_id":"dc7867c1-9749-471b-8dd9-8dabda33ec68","local_time":"20190405144338","is_ascension_mode":false,"campfire_choices":[{"data":"Bash","floor":6,"key":"SMITH"},{"data":"Flex","floor":12,"key":"SMITH"},{"data":"Defend_R","floor":15,"key":"SMITH"},{"data":"Pommel Strike","floor":23,"key":"SMITH"},{"data":"Defend_R","floor":25,"key":"SMITH"},{"floor":29,"key":"REST"},{"floor":32,"key":"REST"},{"floor":42,"key":"REST"},{"floor":45,"key":"REST"},{"floor":49,"key":"REST"}],"neow_cost":"","seed_source_timestamp":0,"circlet_count":0,"master_deck":["Strike_R+1","Strike_R+1","Strike_R+1","Strike_R+1","Strike_R+1","Defend_R+1","Defend_R+1","Defend_R+1","Defend_R+1","Bash+1","Pommel Strike+1","Iron Wave+1","Anger","Flex+1","Twin Strike","Metallicize","Seeing Red","Juggernaut","Offering+1","Bloodletting","Headbutt","Demon Form","Infernal Blade","Perfected Strike+1","Battle Trance","Intimidate","Shrug It Off","Flame Barrier","Impervious","Intimidate+1","Armaments","Entrench+1","Cleave","Pommel Strike+1","Dropkick+1","Trip","Discovery","Good Instincts","Iron Wave","True Grit+1","Ghostly Armor","Body Slam+1","Clash","Madness","Madness","True Grit+1"],"special_seed":0,"relics":["Burning Blood","Gremlin Horn","Pantograph","Lizard Tail","Mummified Hand","War Paint","Dodecahedron","Orrery","Red Mask","Paper Frog"],"potions_floor_usage":[16,16,16,24,33,33,39,48,50],"damage_taken":[{"damage":0,"enemies":"Cultist","floor":1,"turns":2},{"damage":0,"enemies":"2 Louse","floor":2,"turns":3},{"damage":0,"enemies":"Small Slimes","floor":3,"turns":3},{"damage":0,"enemies":"Red Slaver","floor":4,"turns":3},{"damage":3,"enemies":"3 Louse","floor":7,"turns":2},{"damage":0,"enemies":"Looter","floor":8,"turns":2},{"damage":0,"enemies":"Large Slime","floor":10,"turns":6},{"damage":8,"enemies":"Lagavulin","floor":11,"turns":5},{"damage":1,"enemies":"3 Louse","floor":14,"turns":3},{"damage":22,"enemies":"The Guardian","floor":16,"turns":10},{"damage":11,"enemies":"2 Thieves","floor":18,"turns":4},{"damage":6,"enemies":"Shell Parasite","floor":21,"turns":3},{"damage":7,"enemies":"Chosen and Byrds","floor":22,"turns":4},{"damage":19,"enemies":"Centurion and Healer","floor":24,"turns":5},{"damage":17,"enemies":"Cultist and Chosen","floor":27,"turns":6},{"damage":15,"enemies":"Snake Plant","floor":30,"turns":4},{"damage":49,"enemies":"Champ","floor":33,"turns":8},{"damage":6,"enemies":"Orb Walker","floor":35,"turns":3},{"damage":32,"enemies":"3 Shapes","floor":37,"turns":5},{"damage":30,"enemies":"Transient","floor":39,"turns":5},{"damage":8,"enemies":"Sphere and 2 Shapes","floor":41,"turns":8},{"damage":15,"enemies":"4 Shapes","floor":44,"turns":6},{"damage":54,"enemies":"Spire Growth","floor":48,"turns":6},{"damage":62,"enemies":"Awakened One","floor":50,"turns":15}],"seed_played":"914332058751397889","potions_obtained":[{"floor":1,"key":"Strength Potion"},{"floor":7,"key":"Regen Potion"},{"floor":8,"key":"EssenceOfSteel"},{"floor":14,"key":"SteroidPotion"},{"floor":22,"key":"Explosive Potion"},{"floor":24,"key":"Weak Potion"},{"floor":27,"key":"Fire Potion"},{"floor":35,"key":"SkillPotion"},{"floor":41,"key":"SteroidPotion"},{"floor":44,"key":"SkillPotion"},{"floor":48,"key":"Poison Potion"}],"is_trial":false,"path_per_floor":["M","?","?","T","?","?","?","?","?","?","M","?"],"character_chosen":"IRONCLAD","items_purchased":["Clash"],"campfire_rested":5,"item_purchase_floors":[46],"current_hp_per_floor":[80,80,80,80,80,80,80,80,80,80,78,78,78,80,80,79,80,75,75,75,75,74,74,61,61,61,50,50,74,65,65,80,37,80,80,70,44,44,20,20,18,42,42,33,57,57,47,46,70,24],"gold":22,"neow_bonus":"","is_prod":false,"is_daily":false,"chose_seed":false,"campfire_upgraded":5,"win_rate":0.0,"timestamp":1554446618,"path_taken":["M","?","M","M","?","R","M","M","T","M","E","R","?","M","R","BOSS","M","?","?","M","M","R","M","R","T","M","?","R","M","?","R","BOSS","M","?","M","?","M","?","M","R","T","?","R","$","?","M","R","BOSS"],"build_version":"2019-01-23","purchased_purges":0,"victory":true,"max_hp_per_floor":[80,80,80,80,80,80,80,80,80,80,80,80,80,80,80,80,80,80,80,80,80,80,80,80,80,80,80,80,80,80,80,80,80,80,80,80,80,80,80,80,80,80,80,80,80,80,80,80,80,80],"card_choices":[{"not_picked":["Dropkick","Whirlwind"],"picked":"Pommel Strike","floor":1},{"not_picked":["Clothesline","Entrench"],"picked":"Iron Wave","floor":2},{"not_picked":["Searing Blow","Cleave"],"picked":"Anger","floor":3},{"not_picked":["Body Slam","Dual Wield"],"picked":"Flex","floor":4},{"not_picked":["Feel No Pain","Pommel Strike"],"picked":"Twin Strike","floor":7},{"not_picked":["Armaments","Second Wind"],"picked":"Metallicize","floor":8},{"not_picked":["Infernal Blade","Bloodletting"],"picked":"Seeing Red","floor":10},{"not_picked":["Thunderclap","Fiend Fire"],"picked":"Juggernaut","floor":11},{"not_picked":["Perfected Strike","Clothesline"],"picked":"Headbutt","floor":14},{"not_picked":["Bludgeon","Feed"],"picked":"Demon Form","floor":16},{"not_picked":["Dropkick+1","Corruption+1"],"picked":"Infernal Blade","floor":18},{"not_picked":["Thunderclap","Pommel Strike"],"picked":"Perfected Strike+1","floor":21},{"not_picked":["Dual Wield+1","Searing Blow"],"picked":"Battle Trance","floor":22},{"not_picked":["True Grit","Clash"],"picked":"Intimidate","floor":24},{"not_picked":["Corruption","Bloodletting"],"picked":"Shrug It Off","floor":27},{"not_picked":["Twin Strike+1","Headbutt"],"picked":"Flame Barrier","floor":30},{"not_picked":["Fiend Fire","Bludgeon"],"picked":"Impervious","floor":33},{"not_picked":["Warcry","Inflame"],"picked":"Intimidate+1","floor":34},{"not_picked":["Clash","Twin Strike"],"picked":"Armaments","floor":34},{"not_picked":["Iron Wave","Metallicize"],"picked":"Entrench+1","floor":34},{"not_picked":["Clothesline","Pummel+1"],"picked":"Cleave","floor":34},{"not_picked":["Headbutt","Perfected Strike"],"picked":"Pommel Strike+1","floor":34},{"not_picked":["Clothesline+1","Cleave"],"picked":"Dropkick+1","floor":35},{"not_picked":["Thinking Ahead","Sadistic Nature"],"picked":"Trip","floor":36},{"not_picked":["Purity","Finesse"],"picked":"Discovery","floor":36},{"not_picked":["Finesse","Trip"],"picked":"Good Instincts","floor":36},{"not_picked":["Cleave+1","Shrug It Off+1"],"picked":"Iron Wave","floor":37},{"not_picked":["Combust","Sword Boomerang"],"picked":"True Grit+1","floor":39},{"not_picked":["Dropkick+1","Twin Strike+1"],"picked":"Ghostly Armor","floor":41},{"not_picked":["Reckless Charge","Sword Boomerang"],"picked":"Body Slam+1","floor":44},{"not_picked":["Twin Strike+1","Thunderclap+1"],"picked":"True Grit+1","floor":48}],"player_experience":0,"relics_obtained":[{"floor":9,"key":"Gremlin Horn"},{"floor":11,"key":"Pantograph"},{"floor":19,"key":"Mummified Hand"},{"floor":26,"key":"Dodecahedron"},{"floor":43,"key":"Paper Frog"}],"event_choices":[{"damage_healed":0,"gold_gain":0,"player_choice":"Grow","damage_taken":0,"max_hp_gain":0,"max_hp_loss":0,"event_name":"Living Wall","floor":5,"gold_loss":0,"cards_upgraded":["Iron Wave"]},{"damage_healed":0,"gold_gain":0,"player_choice":"2 cards matched","damage_taken":0,"max_hp_gain":0,"max_hp_loss":0,"event_name":"Match and Keep!","floor":13,"gold_loss":0,"cards_obtained":["Offering","Bloodletting"]},{"damage_healed":0,"gold_gain":0,"player_choice":"2 cards matched","damage_taken":0,"max_hp_gain":0,"max_hp_loss":0,"event_name":"Match and Keep!","floor":13,"gold_loss":0,"cards_obtained":["Offering","Bloodletting"]},{"damage_healed":0,"gold_gain":0,"player_choice":"Obtained Relic","damage_taken":0,"relics_obtained":["War Paint"],"max_hp_gain":0,"max_hp_loss":0,"event_name":"Addict","floor":20,"gold_loss":85},{"damage_healed":0,"gold_gain":0,"player_choice":"Ignored","damage_taken":0,"max_hp_gain":0,"max_hp_loss":0,"event_name":"Beggar","floor":28,"gold_loss":0},{"damage_healed":0,"gold_gain":0,"player_choice":"Simplicity","damage_taken":0,"max_hp_gain":0,"max_hp_loss":0,"event_name":"Back to Basics","floor":31,"gold_loss":0,"cards_upgraded":["Strike_R","Strike_R","Strike_R","Strike_R","Strike_R","Defend_R"]},{"damage_healed":0,"gold_gain":0,"player_choice":"Memory 3","damage_taken":10,"max_hp_gain":0,"max_hp_loss":0,"event_name":"SensoryStone","floor":36,"gold_loss":0},{"damage_healed":0,"gold_gain":0,"player_choice":"Paid","damage_taken":0,"relics_obtained":["Red Mask"],"max_hp_gain":0,"max_hp_loss":0,"event_name":"Tomb of Lord Red Mask","floor":38,"gold_loss":561},{"damage_healed":0,"gold_gain":0,"player_choice":"Ignored","damage_taken":0,"max_hp_gain":0,"max_hp_loss":0,"event_name":"Purifier","floor":40,"gold_loss":0},{"damage_healed":0,"gold_gain":0,"player_choice":"Embrace Madness","damage_taken":10,"max_hp_gain":0,"max_hp_loss":0,"event_name":"Winding Halls","floor":47,"gold_loss":0,"cards_obtained":["Madness","Madness"]}],"is_beta":false,"boss_relics":[{"not_picked":["Sozu","Runic Pyramid"],"picked":"Lizard Tail"},{"not_picked":["Tiny House","Snecko Eye"],"picked":"Orrery"}],"items_purged_floors":[],"is_endless":false,"potions_floor_spawned":[1,7,8,11,14,22,24,27,35,41,44,48],"ascension_level":0}