{"gold_per_floor":[114,129,144,219,219,249,249,1,1,16,16,16,16,16,16,116,116,131,221,236,1,16,16,31,46,46,59,71,83,95,122,134,246,258,285,312,7,22,22,22,244,244,244,259,259,259,274,289,289,289],"floor_reached":51,"playtime":22207,"items_purged":["Doubt"],"score":847,"play_id":"0fcf2be1-48e6-466b-97d7-6774b755813c","local_time":"20200127210306","daily_mods":["Cursed Run","Diverse","Binary"],"is_ascension_mode":false,"campfire_choices":[{"floor":7,"key":"REST"},{"data":"Prepared","floor":15,"key":"SMITH"},{"floor":23,"key":"REST"},{"data":"After Image","floor":28,"key":"SMITH"},{"data":"Metallicize","floor":32,"key":"SMITH"},{"data":"Survivor","floor":40,"key":"SMITH"},{"data":"Dark Shackles","floor":42,"key":"SMITH"},{"floor":46,"key":"REST"},{"data":"Quick Slash","floor":49,"key":"SMITH"}],"neow_cost":"","seed_source_timestamp":0,"circlet_count":0,"master_deck":["Defend_G+1","Defend_G+1","Defend_G+1","Defend_G+1","Defend_G+1","Strike_G+1","Strike_G+1","Strike_G+1","Strike_G+1","Strike_G+1","Survivor+1","Neutralize+1","Blur+1","Cold Snap+1","Stack+1","Auto Shields+1","Deflect+1","Terror+1","Clumsy","Clash+1","Prepared+1","Malaise+1","Armaments+1","Iron Wave+1","Purity+1","Impatience+1","PanicButton+1","Flash of Steel+1","Flash of Steel+1","Intimidate+1","Cold Snap+1","Metallicize+1","Skewer+1","Aggregate+1","Sucker Punch+1","Steam+1","Blur+1","Backflip+1","After Image+1","Sweeping Beam+1","Injury","Flex+1","Skewer+1","Deflect+1","Stack+1","Writhe","Adrenaline+1","Cleave+1","Poisoned Stab+1","Poisoned Stab+1","All Out Attack+1","Darkness+1","Defragment+1","Swift Strike+1","Battle Trance+1","Tempest+1","Dark Shackles+1","Finesse+1","Dramatic Entrance+1","Doubt","Beam Cell+1","PiercingWail+1","Quick Slash+1","Clash+1","Escape Plan+1","Finisher","Pain"],"special_seed":18288,"relics":["Cursed Key","Darkstone Periapt","Du-Vu Doll","Prayer Wheel","Centennial Puzzle","Ninja Scroll","Philosopher\u0027s Stone","MawBank","Red Mask","Lizard Tail","Ginger","Mark of the Bloom"],"potions_floor_usage":[16,20,20,33,36,36,50,50,50],"damage_taken":[{"damage":0,"enemies":"Cultist","floor":1,"turns":4},{"damage":0,"enemies":"2 Louse","floor":2,"turns":4},{"damage":0,"enemies":"Jaw Worm","floor":3,"turns":4},{"damage":24,"enemies":"Gremlin Nob","floor":6,"turns":7},{"damage":0,"enemies":"Large Slime","floor":10,"turns":8},{"damage":9,"enemies":"Hexaghost","floor":16,"turns":15},{"damage":0,"enemies":"3 Byrds","floor":18,"turns":10},{"damage":7,"enemies":"2 Thieves","floor":20,"turns":3},{"damage":1,"enemies":"Snake Plant","floor":22,"turns":6},{"damage":0,"enemies":"Centurion and Healer","floor":24,"turns":8},{"damage":0,"enemies":"Sentry and Sphere","floor":25,"turns":4},{"damage":2,"enemies":"Masked Bandits","floor":27,"turns":5},{"damage":0,"enemies":"Snecko","floor":31,"turns":4},{"damage":14,"enemies":"Collector","floor":33,"turns":11},{"damage":3,"enemies":"Orb Walker","floor":35,"turns":2},{"damage":3,"enemies":"3 Darklings","floor":36,"turns":5},{"damage":6,"enemies":"Spire Growth","floor":38,"turns":4},{"damage":0,"enemies":"Jaw Worm Horde","floor":44,"turns":3},{"damage":0,"enemies":"Transient","floor":47,"turns":5},{"damage":0,"enemies":"3 Darklings","floor":48,"turns":3},{"damage":3,"enemies":"Donu and Deca","floor":50,"turns":8}],"seed_played":"-4129537593008659364","potions_obtained":[{"floor":2,"key":"Dexterity Potion"},{"floor":3,"key":"EssenceOfSteel"},{"floor":6,"key":"Weak Potion"},{"floor":18,"key":"FearPotion"},{"floor":22,"key":"SteroidPotion"},{"floor":25,"key":"SkillPotion"},{"floor":31,"key":"EssenceOfSteel"},{"floor":35,"key":"Weak Potion"},{"floor":38,"key":"Block Potion"},{"floor":48,"key":"SkillPotion"}],"is_trial":false,"path_per_floor":["M","?","?","$","?","?","?","M","?","?","?","?","?","?","M"],"character_chosen":"THE_SILENT","items_purchased":["Deflect","Centennial Puzzle","Terror","Metallicize","Skewer","Aggregate","Darkness","Defragment","Swift Strike"],"campfire_rested":3,"item_purchase_floors":[8,8,8,21,21,21,37,37,37],"current_hp_per_floor":[70,70,70,59,64,40,62,62,68,68,68,68,68,52,52,49,87,87,31,24,24,23,49,49,49,55,53,53,53,53,53,53,45,99,96,93,93,87,77,77,77,77,83,83,83,83,83,83,83,80],"gold":289,"neow_bonus":"","is_prod":false,"is_daily":true,"chose_seed":false,"campfire_upgraded":6,"win_rate":0,"timestamp":1580130186,"path_taken":["M","M","?","?","?","E","R","$","T","M","?","?","$","?","R","BOSS","M","?","M","$","?","R","M","M","T","?","R","?","?","M","R","BOSS","M","M","$","M","?","R","?","R","T","M","?","R","M","?","R","BOSS"],"build_version":"2019-01-23","purchased_purges":1,"victory":true,"max_hp_per_floor":[70,70,70,70,75,75,75,75,81,81,81,81,81,81,81,87,87,87,87,87,87,87,87,87,87,93,93,93,93,93,93,93,99,99,99,99,99,99,99,99,99,99,105,105,105,105,105,105,105,111],"card_choices":[{"not_picked":["Shrug It Off"],"picked":"Blur","floor":1},{"not_picked":["Second Wind"],"picked":"Cold Snap","floor":2},{"not_picked":["Caltrops"],"picked":"Stack","floor":3},{"not_picked":["Leg Sweep"],"picked":"Auto Shields","floor":6},{"not_picked":["Sunder"],"picked":"Clash","floor":10},{"not_picked":["Spot Weakness"],"picked":"Prepared","floor":10},{"not_picked":["Feed"],"picked":"Malaise","floor":16},{"not_picked":["Sucker Punch"],"picked":"Armaments","floor":18},{"not_picked":["Sword Boomerang"],"picked":"Iron Wave+1","floor":18},{"not_picked":["Distraction"],"picked":"Intimidate","floor":20},{"not_picked":["Bane"],"picked":"Cold Snap","floor":20},{"not_picked":["Backstab"],"picked":"Sucker Punch+1","floor":22},{"not_picked":["Uppercut+1"],"picked":"Steam","floor":22},{"not_picked":["Perfected Strike"],"picked":"Blur+1","floor":24},{"not_picked":["Shockwave"],"picked":"Backflip","floor":24},{"not_picked":["Shrug It Off"],"picked":"After Image","floor":25},{"not_picked":["Catalyst"],"picked":"Sweeping Beam+1","floor":25},{"not_picked":["Sucker Punch"],"picked":"Flex","floor":27},{"not_picked":["Perfected Strike"],"picked":"Deflect","floor":31},{"not_picked":["Terror"],"picked":"Stack","floor":31},{"not_picked":["Thunder Strike"],"picked":"Adrenaline","floor":33},{"not_picked":["Cloak And Dagger"],"picked":"Cleave+1","floor":35},{"not_picked":["Heavy Blade"],"picked":"Poisoned Stab+1","floor":35},{"not_picked":["Pummel"],"picked":"Poisoned Stab","floor":36},{"not_picked":["Hemokinesis+1"],"picked":"All Out Attack+1","floor":36},{"not_picked":["Quick Slash"],"picked":"Battle Trance","floor":38},{"not_picked":["Flex+1"],"picked":"Tempest","floor":38},{"not_picked":["Trip"],"picked":"Dark Shackles","floor":39},{"not_picked":["HandOfGreed"],"picked":"Finesse","floor":39},{"not_picked":["PanicButton"],"picked":"Dramatic Entrance","floor":39},{"not_picked":["Ball Lightning"],"picked":"Beam Cell","floor":44},{"not_picked":["Iron Wave"],"picked":"PiercingWail+1","floor":44},{"not_picked":["Dagger Spray"],"picked":"Quick Slash","floor":47},{"not_picked":["Go for the Eyes"],"picked":"Clash+1","floor":47},{"not_picked":["Sweeping Beam"],"picked":"Escape Plan+1","floor":48},{"not_picked":["Barrage+1"],"picked":"Finisher","floor":48}],"player_experience":125687,"relics_obtained":[{"floor":6,"key":"Prayer Wheel"},{"floor":9,"key":"Ninja Scroll"},{"floor":26,"key":"MawBank"},{"floor":27,"key":"Red Mask"},{"floor":43,"key":"Ginger"}],"event_choices":[{"damage_healed":0,"gold_gain":75,"player_choice":"Gather Gold","damage_taken":11,"max_hp_gain":0,"max_hp_loss":0,"event_name":"World of Goop","floor":4,"gold_loss":0},{"damage_healed":0,"gold_gain":0,"player_choice":"Donut","damage_taken":0,"max_hp_gain":5,"max_hp_loss":0,"event_name":"Big Fish","floor":5,"gold_loss":0},{"damage_healed":0,"gold_gain":0,"player_choice":"Leave","damage_taken":0,"max_hp_gain":0,"max_hp_loss":0,"event_name":"The Cleric","floor":12,"gold_loss":0},{"damage_healed":0,"gold_gain":0,"player_choice":"Entered Light","damage_taken":16,"max_hp_gain":0,"max_hp_loss":0,"event_name":"Shining Light","floor":14,"gold_loss":0,"cards_upgraded":["Stack","Auto Shields"]},{"damage_healed":0,"gold_gain":90,"player_choice":"CARD CARD CARD GOLD CARD CARD ","damage_taken":56,"max_hp_gain":0,"max_hp_loss":0,"event_name":"Knowing Skull","floor":19,"potions_obtained":[],"gold_loss":0,"cards_obtained":["Purity","Impatience","PanicButton","Flash of Steel","Flash of Steel"]},{"damage_healed":0,"gold_gain":0,"player_choice":"Fought Bandits","damage_taken":0,"max_hp_gain":0,"max_hp_loss":0,"event_name":"Masked Bandits","floor":27,"gold_loss":0},{"damage_healed":0,"gold_gain":0,"player_choice":"Read","damage_taken":0,"max_hp_gain":0,"max_hp_loss":0,"event_name":"The Library","floor":29,"gold_loss":0,"cards_obtained":["Skewer"]},{"damage_healed":0,"gold_gain":0,"player_choice":"Simplicity","damage_taken":0,"max_hp_gain":0,"max_hp_loss":0,"event_name":"Back to Basics","floor":30,"gold_loss":0,"cards_upgraded":["Defend_G","Defend_G","Defend_G","Defend_G","Defend_G","Strike_G","Strike_G","Strike_G","Strike_G","Strike_G"]},{"damage_healed":0,"gold_gain":0,"player_choice":"Memory 3","damage_taken":10,"max_hp_gain":0,"max_hp_loss":0,"event_name":"SensoryStone","floor":39,"gold_loss":0},{"damage_healed":0,"gold_gain":222,"player_choice":"Wore Mask","damage_taken":0,"max_hp_gain":0,"max_hp_loss":0,"event_name":"Tomb of Lord Red Mask","floor":41,"gold_loss":0},{"damage_healed":0,"gold_gain":0,"player_choice":"Upgrade","damage_taken":0,"relics_obtained":["Mark of the Bloom"],"max_hp_gain":0,"max_hp_loss":0,"event_name":"MindBloom","floor":45,"gold_loss":0,"cards_upgraded":["Neutralize","Blur","Cold Snap","Deflect","Terror","Clash","Malaise","Armaments","Purity","Impatience","PanicButton","Flash of Steel","Flash of Steel","Intimidate","Cold Snap","Skewer","Aggregate","Steam","Backflip","Flex","Skewer","Deflect","Stack","Adrenaline","Poisoned Stab","Darkness","Defragment","Swift Strike","Battle Trance","Tempest","Finesse","Dramatic Entrance","Beam Cell"]}],"is_beta":false,"boss_relics":[{"not_picked":["Black Star","Fusion Hammer"],"picked":"Philosopher\u0027s Stone"},{"not_picked":["Orrery","Runic Dome"],"picked":"Lizard Tail"}],"items_purged_floors":[37],"is_endless":false,"potions_floor_spawned":[2,3,6,18,22,25,31,35,38,48],"ascension_level":0}