{"gold_per_floor":[144,189,234,234,234,234,234,234,309,1,46,71,13,58,58,358,358,403,403,448,448,448,448,493,538,563,608,10,55,55,15,15,315,315,360,360,405,405,4,4,79,79,79,79,169,469,469,514,514,514],"floor_reached":51,"playtime":20636,"items_purged":[],"score":788,"play_id":"ed54653b-7977-47d0-8b60-5a6409517b7e","local_time":"20200126165902","daily_mods":["Insanity","ControlledChaos","Midas"],"is_ascension_mode":false,"campfire_choices":[{"floor":6.0,"key":"REST"},{"floor":8.0,"key":"REST"},{"floor":15.0,"key":"REST"},{"floor":23,"key":"REST"},{"floor":30,"key":"REST"},{"floor":32,"key":"REST"},{"floor":40,"key":"REST"},{"floor":42,"key":"REST"},{"floor":44,"key":"REST"},{"data":"1","floor":47,"key":"LIFT"},{"data":"2","floor":49,"key":"LIFT"}],"neow_cost":"","seed_source_timestamp":0,"circlet_count":0,"master_deck":["Warcry","Disarm","Intimidate","Cleave","Searing Blow","Cleave","Corruption","Battle Trance+1","Disarm","Pommel Strike","Dual Wield","Battle Trance","Havoc","Body Slam","Seeing Red","Shrug It Off","Power Through","Entrench","Flame Barrier","Uppercut","Seeing Red","Second Wind","Twin Strike","Infernal Blade","True Grit","Entrench","Flex+1","Iron Wave","Warcry","Sentinel","Hemokinesis","Sword Boomerang","Pummel","Blood for Blood","Twin Strike","Intimidate","Wild Strike","Rage","Disarm","Cleave","Burning Pact","Cleave","Dropkick","Reckless Charge","Pommel Strike","Heavy Blade","Feel No Pain","Bloodletting","Cleave","Twin Strike","Rage","Twin Strike","Second Wind","Good Instincts","Body Slam","Headbutt","Thunderclap","PanicButton","Sentinel","Barricade+1","Clash","Flame Barrier","Ghostly Armor","Reckless Charge","Iron Wave","Rampage+1","Wild Strike","Anger","Anger+1","Corruption+1","Flame Barrier+1","Bandage Up","True Grit","Iron Wave","Master of Strategy","Enlightenment","Flash of Steel","Flex","Wild Strike","Anger","Metallicize","Clothesline","Reaper","Evolve","Warcry+1","Madness","Madness","Reaper","Shrug It Off","True Grit","Chrysalis","Deep Breath","Iron Wave+1","Shrug It Off","Body Slam+1","Feel No Pain+1"],"special_seed":18145,"relics":["Black Blood","Frozen Eye","The Courier","Bottled Tornado","Membership Card","Centennial Puzzle","Lantern","Orrery","Potion Belt","War Paint","Red Skull","Orichalcum","Turnip","Pen Nib","Torii","Oddly Smooth Stone","Girya","Anchor","Ancient Tea Set","Calipers"],"potions_floor_usage":[20,20,27,27,29,29,33,41,50],"damage_taken":[{"damage":6.0,"enemies":"Small Slimes","floor":1.0,"turns":3.0},{"damage":11.0,"enemies":"Jaw Worm","floor":2.0,"turns":2.0},{"damage":0.0,"enemies":"2 Louse","floor":3.0,"turns":3.0},{"damage":14.0,"enemies":"Exordium Wildlife","floor":11.0,"turns":7.0},{"damage":0.0,"enemies":"Exordium Thugs","floor":14.0,"turns":5.0},{"damage":32.0,"enemies":"The Guardian","floor":16.0,"turns":17.0},{"damage":12,"enemies":"Chosen","floor":18,"turns":6},{"damage":21,"enemies":"3 Byrds","floor":20,"turns":5},{"damage":12,"enemies":"3 Cultists","floor":24,"turns":6},{"damage":2,"enemies":"Shelled Parasite and Fungi","floor":25,"turns":7},{"damage":21,"enemies":"Cultist and Chosen","floor":27,"turns":10},{"damage":7,"enemies":"Centurion and Healer","floor":29,"turns":9},{"damage":65,"enemies":"Collector","floor":33,"turns":14},{"damage":7,"enemies":"Orb Walker","floor":35,"turns":3},{"damage":56,"enemies":"3 Darklings","floor":37,"turns":8},{"damage":43,"enemies":"2 Orb Walkers","floor":41,"turns":6},{"damage":10,"enemies":"Reptomancer","floor":45,"turns":7},{"damage":1,"enemies":"Mind Bloom Boss Battle","floor":46,"turns":8},{"damage":1,"enemies":"Spire Growth","floor":48,"turns":6},{"damage":62,"enemies":"Awakened One","floor":50,"turns":23}],"seed_played":"8600713157366493565","potions_obtained":[{"floor":2.0,"key":"Dexterity Potion"},{"floor":3.0,"key":"Dexterity Potion"},{"floor":11.0,"key":"Poison Potion"},{"floor":18,"key":"Poison Potion"},{"floor":24,"key":"SteroidPotion"},{"floor":25,"key":"Swift Potion"},{"floor":29,"key":"Explosive Potion"},{"floor":45,"key":"Fire Potion"}],"is_trial":false,"path_per_floor":["?","?","?","M","T","?","M","?","T","$","?","M","?","?","?"],"character_chosen":"IRONCLAD","items_purchased":["Second Wind","Membership Card","Centennial Puzzle","Good Instincts","Body Slam","Thunderclap","PanicButton","Bandage Up","Red Skull","Orichalcum","True Grit","Turnip","Pen Nib","Iron Wave","Master of Strategy","Enlightenment","Flash of Steel","Flex","EssenceOfSteel","Wild Strike","AttackPotion","Metallicize","Clothesline","Torii","Oddly Smooth Stone","Reaper","Shrug It Off","True Grit","PowerPotion","Chrysalis","Deep Breath"],"campfire_rested":9,"item_purchase_floors":[10,10,10,10,10,13,13,28,28,28,28,28,28,28,28,28,28,28,28,28,28,31,31,39,39,39,39,39,39,39,39],"current_hp_per_floor":[80,75,80,80,55,79,84,85,85,85,77,77,77,83,85,59,85,79,79,64,48,48,75,69,73,73,58,58,57,84,84,90,35,90,90,90,48,37,37,64,31,58,58,85,85,90,90,90,90,56],"gold":514,"neow_bonus":"","is_prod":false,"is_daily":true,"chose_seed":false,"campfire_upgraded":0,"win_rate":0,"timestamp":1580029142,"path_taken":["M","M","M","?","?","R","?","R","T","$","?","?","$","M","R","BOSS","M","?","?","?","?","R","M","M","T","M","?","M","R","$","R","BOSS","M","?","?","?","$","R","?","R","T","R","E","?","R","M","R","BOSS"],"build_version":"2019-01-23","purchased_purges":0,"victory":true,"max_hp_per_floor":[80,80,80,80,80,80,85,85,85,85,85,85,85,85,85,85,85,85,85,85,90,90,90,90,90,90,90,90,90,90,90,90,90,90,90,90,90,90,90,90,90,90,90,90,90,90,90,90,90,90],"card_choices":[{"not_picked":["Metallicize","Havoc"],"picked":"Twin Strike","floor":1.0},{"not_picked":["Power Through","Twin Strike"],"picked":"Rage","floor":2.0},{"not_picked":["Havoc","Bloodletting"],"picked":"Twin Strike","floor":3.0},{"not_picked":["Evolve","Whirlwind"],"picked":"Headbutt","floor":11.0},{"not_picked":["Body Slam","Corruption"],"picked":"Sentinel","floor":14.0},{"not_picked":["Double Tap","Bludgeon"],"picked":"Barricade","floor":16.0},{"not_picked":["Corruption","Disarm"],"picked":"Clash","floor":17},{"not_picked":["Pommel Strike","Flex"],"picked":"Flame Barrier","floor":17},{"not_picked":["Cleave","Hemokinesis"],"picked":"Ghostly Armor","floor":17},{"not_picked":["Heavy Blade","Carnage"],"picked":"Reckless Charge","floor":17},{"not_picked":["Headbutt","Twin Strike"],"picked":"Iron Wave","floor":17},{"not_picked":["Combust","Uppercut"],"picked":"Rampage+1","floor":18},{"not_picked":["Bloodletting","Cleave"],"picked":"Anger","floor":20},{"not_picked":["Bludgeon","Twin Strike+1"],"picked":"Anger+1","floor":24},{"not_picked":["Dropkick","Headbutt"],"picked":"Corruption+1","floor":25},{"not_picked":["Headbutt+1","Intimidate+1"],"picked":"Flame Barrier+1","floor":27},{"not_picked":["Thunderclap","Havoc"],"picked":"Anger","floor":29},{"not_picked":["Immolate","Offering"],"picked":"Reaper","floor":33},{"not_picked":["Clash","Carnage"],"picked":"Evolve","floor":35},{"not_picked":["Combust","Headbutt"],"picked":"Warcry+1","floor":37},{"not_picked":["Warcry+1","Sever Soul"],"picked":"Iron Wave+1","floor":41},{"not_picked":["Dual Wield","Immolate"],"picked":"Shrug It Off","floor":45},{"not_picked":["Flame Barrier","Hemokinesis"],"picked":"Body Slam+1","floor":46},{"not_picked":["Entrench+1","Wild Strike"],"picked":"Feel No Pain+1","floor":48}],"player_experience":89313,"relics_obtained":[{"floor":9.0,"key":"Bottled Tornado"},{"floor":12.0,"key":"Lantern"},{"floor":22,"key":"Potion Belt"},{"floor":26,"key":"War Paint"},{"floor":41,"key":"Girya"},{"floor":43,"key":"Anchor"},{"floor":45,"key":"Ancient Tea Set"},{"floor":46,"key":"Calipers"}],"event_choices":[{"damage_healed":0.0,"max_hp_gain":0.0,"max_hp_loss":0.0,"gold_gain":0.0,"event_name":"The Cleric","player_choice":"Leave","floor":4.0,"gold_loss":0.0,"damage_taken":0.0},{"damage_healed":0.0,"max_hp_gain":0.0,"max_hp_loss":0.0,"gold_gain":0.0,"event_name":"Scrap Ooze","player_choice":"Success","floor":5.0,"gold_loss":0.0,"damage_taken":25.0,"relics_obtained":["The Courier"]},{"damage_healed":0.0,"max_hp_gain":5.0,"max_hp_loss":0.0,"gold_gain":0.0,"event_name":"Big Fish","player_choice":"Donut","floor":7.0,"gold_loss":0.0,"damage_taken":0.0},{"damage_healed":0,"gold_gain":0,"cards_transformed":["Corruption"],"player_choice":"Transformed","damage_taken":0,"max_hp_gain":0,"max_hp_loss":0,"event_name":"Transmorgrifier","floor":19,"gold_loss":0,"cards_obtained":["Wild Strike"]},{"damage_healed":0,"gold_gain":0,"player_choice":"Shed Blood","damage_taken":21,"max_hp_gain":5,"max_hp_loss":0,"event_name":"Forgotten Altar","floor":21,"gold_loss":0},{"damage_healed":0,"gold_gain":0,"player_choice":"Upgraded","damage_taken":0,"max_hp_gain":0,"max_hp_loss":0,"event_name":"Upgrade Shrine","floor":36,"gold_loss":0,"cards_upgraded":["Barricade"]},{"damage_healed":0,"gold_gain":0,"player_choice":"Embrace Madness","damage_taken":11,"max_hp_gain":0,"max_hp_loss":0,"event_name":"Winding Halls","floor":38,"gold_loss":0,"cards_obtained":["Madness","Madness"]},{"damage_healed":0,"gold_gain":0,"player_choice":"Fight","damage_taken":0,"max_hp_gain":0,"max_hp_loss":0,"event_name":"Mysterious Sphere","floor":41,"gold_loss":0},{"damage_healed":0,"gold_gain":0,"player_choice":"Fight","damage_taken":0,"max_hp_gain":0,"max_hp_loss":0,"event_name":"MindBloom","floor":46,"gold_loss":0}],"is_beta":false,"boss_relics":[{"not_picked":["Runic Dome","Cursed Key"],"picked":"Orrery"},{"not_picked":["Empty Cage","Runic Pyramid"],"picked":"Black Blood"}],"items_purged_floors":[],"is_endless":false,"potions_floor_spawned":[2,3,11,18,24,25,29,45],"ascension_level":0}